@online{fotorresistencia,
	title = {{Fotorresistencia sencilla - DynamoElectronics}},
	journal = {DynamoElectronics},
	year = {2022},
	month = {Feb},
	url = {https://dynamoelectronics.com/tienda/fotorresistencia-sencilla}
}

@online{videoTemporizador,
	author = {{Rosie Research}},
	title = {{Tinkercad Circuits Tutorial - Using a 555 timer to make police lights}},
	year = {2021},
	month = {May},
	publisher = {Youtube},
	url = {https://www.youtube.com/watch?v=0QK-xjzSeLU&t=455s}
}

@online{temporizadorDef,
	title = {{555 Timer Tutorial - The Monostable Multivibrator}},
	journal = {Basic Electronics Tutorials},
	year = {2020},
	month = {Apr},
	note = {[Online; accessed 3. Apr. 2022]},
	url = {https://www.electronics-tutorials.ws/waveforms/555_timer.html}
}

@online{tinkercad,
	title = {{Circuit design Fantastic Kieran {$\vert$} Tinkercad}},
    author = {Diego Quirós Artiñano},
	journal = {Tinkercad},
	year = {2022},
	month = {Apr},
	url = {https://www.tinkercad.com/things/hDyqbC1YIRd-fantastic-kieran/editel?tenant=circuits}
}