@book{cervantes1999,
	address = {New York},
	edition = {1st ed},
	series = {A {Norton} critical edition},
	title = {Don {Quijote}: a new translation, backgrounds and contexts, criticism},
	isbn = {9780393972818},
	shorttitle = {Don {Quijote}},
	language = {eng},
	publisher = {W.W. Norton},
	author = {Cervantes Saavedra, Miguel de and Raffel, Burton and Wilson, Diana de Armas},
	year = {1999},
	keywords = {Cervantes Saavedra, Miguel de, Don Quixote},
}

@online{video,
	title = "Introducción a la Electrónica Analógica y Electrónica Digital",
	author = "{{Net Andino}}",
	publisher = "YouTube",
	year = "2017",
	url = "https://www.youtube.com/watch?v=TGozIvmanI8"
}

@online{potenciometroDef,
	author = {Asale, Rae- and Rae},
	title = {{potenci{\ifmmode\acute{o}\else\'{o}\fi}metro {$\vert$} Diccionario de la lengua espa{\ifmmode\tilde{n}\else\~{n}\fi}ola}},
	journal = {{\ifmmode\mbox{\guillemotleft}\else\guillemotleft\fi}Diccionario de la lengua espa{\ifmmode\tilde{n}\else\~{n}\fi}ola{\ifmmode\mbox{\guillemotright}\else\guillemotright\fi} - Edici{\ifmmode\acute{o}\else\'{o}\fi}n del Tricentenario},
	year = {2022},
	month = {Mar},
	url = {https://dle.rae.es/potenci%C3%B3metro?m=form}
}

@online{tinkercadEjercicios,
	title = {{Circuit design Lab2 Diego Quirós Artiñano {$\vert$} Tinkercad}},
	journal = {Tinkercad},
	year = {2022},
	month = {Mar},
	url = {https://www.tinkercad.com/things/6gltqldCvS2-bodacious-rottis-blorr/editel?sharecode=QkWFedYCILKwoN_fK8TDHiMD8lS1oXhnXGB7g-Md8og}
}