@article{CompuertaLogicaNOT,
	author = {{Mecatr{\ifmmode\acute{o}\else\'{o}\fi}nica LATAM}},
	title = {{Compuerta NOT}},
	journal = {Mecatr{\ifmmode\acute{o}\else\'{o}\fi}nica LATAM},
	year = {2021},
	month = may,
	publisher = {Mecatr{\ifmmode\acute{o}\else\'{o}\fi}nica LATAM},
	url = {https://www.mecatronicalatam.com/es/tutoriales/electronica/compuertas-logicas/compuerta-not}
}

@article{CompuertaLogicaAND,
	author = {{Mecatr{\ifmmode\acute{o}\else\'{o}\fi}nica LATAM}},
	title = {{Compuerta AND}},
	journal = {Mecatr{\ifmmode\acute{o}\else\'{o}\fi}nica LATAM},
	year = {2021},
	month = may,
	publisher = {Mecatr{\ifmmode\acute{o}\else\'{o}\fi}nica LATAM},
	url = {https://www.mecatronicalatam.com/es/tutoriales/electronica/compuertas-logicas/compuerta-and}
}

@article{CompuertaLogicaOR,
	author = {{Mecatr{\ifmmode\acute{o}\else\'{o}\fi}nica LATAM}},
	title = {{Compuerta OR}},
	journal = {Mecatr{\ifmmode\acute{o}\else\'{o}\fi}nica LATAM},
	year = {2021},
	month = may,
	publisher = {Mecatr{\ifmmode\acute{o}\else\'{o}\fi}nica LATAM},
	url = {https://www.mecatronicalatam.com/es/tutoriales/electronica/compuertas-logicas/compuerta-or}
}

@online{circuits,
	author = {Diego {Quirós Artiñano}},
	title = {Brilliant Elzing-Rottis},
	year = {2022},
	month = april,
	publisehr = {Tinkercad},
	url = {https://www.tinkercad.com/things/hNS4QnUnPVb-brilliant-elzing-rottis/editel?sharecode=XHiyosYHuZEGT3Zxtmk2H_etSq8BBXm-qksqIHDR9Ms}
}