@book{cervantes1999,
	address = {New York},
	edition = {1st ed},
	series = {A {Norton} critical edition},
	title = {Don {Quijote}: a new translation, backgrounds and contexts, criticism},
	isbn = {9780393972818},
	shorttitle = {Don {Quijote}},
	language = {eng},
	publisher = {W.W. Norton},
	author = {Cervantes Saavedra, Miguel de and Raffel, Burton and Wilson, Diana de Armas},
	year = {1999},
	keywords = {Cervantes Saavedra, Miguel de, Don Quixote},
}

@article{MBRDefinition,
	author = {{TechTarget Contributor}},
	title = {{Master Boot Record (MBR)}},
	journal = {WhatIs.com},
	year = {2005},
	month = apr,
	publisher = {TechTarget},
	url = {https://www.techtarget.com/whatis/definition/Master-Boot-Record-MBR}
}

@online{DiscosDuros,
  author          = {Arkaitz LÃ¡zaro and Abel Velasco},
  title           = {DISCOS DUROS},
  url             = {https://www.infor.uva.es/~cevp/FI_II/fichs_pdf_teo/Trabajos_Ampliacion/Discos_Duros.pdf}
}

@article{TomsHardwareHDD,
	author = {Webster, Sean and Safford, Matt},
	title = {{Best External SSDs and Hard Drives of 2022}},
	journal = {Tom's Hardware},
	year = {2022},
	month = apr,
	publisher = {Tom's Hardware},
	url = {https://www.tomshardware.com/reviews/best-external-hard-drive-ssd,5987.html}
}

@online{WesternDigitalMyPassport,
	title = {{My Passport 1TB Black}},
	journal = {Western Digital},
	year = {2022},
	month = may,
	note = {[Online; accessed 15. May 2022]},
	url = {https://www.westerndigital.com/products/portable-drives/wd-my-passport-usb-3-0-hdd#WDBYVG0010BBK-WESN}
}

@online{MyPassportSpeed,
	title = {{WD My Passport 2 TB External HDD review: Slim and light, but also on performance- Technology News, Firstpost}},
	author = {Anirudh Regidi},
	journal = {Tech2},
	year = {2020},
	month = oct,
	note = {[Online; accessed 15. May 2022]},
	url = {https://www.firstpost.com/tech/news-analysis/wd-my-passport-2-tb-external-hdd-review-slim-and-light-but-also-on-performance-8952911.html}
}

@online{PCMagMyPassport,
	title = {{WD My Passport (5TB) Review}},
	author = {David Stone},
	journal = {PCMAG},
	year = {2020},
	month = feb,
	note = {[Online; accessed 15. May 2022]},
	url = {https://www.pcmag.com/reviews/wd-my-passport-5tb}
}

@online{SMRCMPPMR,
	title = {{Diferencias entre SMR, CMR y PMR. Como elegir el mejor disco duro - NASeros}},
	author = {Mac Josan},
	journal = {NASeros},
	year = {2020},
	month = nov,
	note = {[Online; accessed 15. May 2022]},
	url = {https://naseros.com/2020/05/03/diferencias-entre-smr-cmr-y-pmr}
}

@online{HAMR,
	title = {{Grabaci{\ifmmode\acute{o}\else\'{o}\fi}n magn{\ifmmode\acute{e}\else\'{e}\fi}tica termoasistida (Heat Assisted Magnetic Recording; HAMR) {$\vert$} Seagate Latinoam{\ifmmode\acute{e}\else\'{e}\fi}rica}},
	journal = {Seagate},
	note = {[Online; accessed 15. May 2022]},
	url = {https://www.seagate.com/la/es/innovation/hamr}
}

@online{BPMREasy,
	title = {{What's the next step in HDD technology?}},
	author = {Michael Nunic},
	journal = {Ontrack},
	year = {2016},
	month = oct,
	note = {[Online; accessed 15. May 2022]},
	url = {https://www.ontrack.com/en-gb/blog/whats-the-next-step-in-hdd-technology}
}

@article{BPMRFutureUse,
	author = {Shilov, Anton},
	title = {{Seagate's Roadmap: The Path to 120 TB Hard Drives}},
	journal = {AnandTech},
	year = {2021},
	month = mar,
	publisher = {AnandTech},
	url = {https://www.anandtech.com/show/16544/seagates-roadmap-120-tb-hdds}
}

@article{BPMRResearch,
	doi = {10.1109/tmag.2015.2397880},
  
	url = {https://doi.org/10.1109%2Ftmag.2015.2397880},
  
	year = 2015,
	month = {may},
  
	publisher = {Institute of Electrical and Electronics Engineers ({IEEE})},
  
	volume = {51},
  
	number = {5},
  
	pages = {1--42},
  
	author = {Thomas R. Albrecht and Hitesh Arora and Vipin Ayanoor-Vitikkate and Jean-Marc Beaujour and Daniel Bedau and David Berman and Alexei L. Bogdanov and Yves-Andre Chapuis and Julia Cushen and Elizabeth E. Dobisz and Gregory Doerk and  He Gao and Michael Grobis and Bruce Gurney and Weldon Hanson and Olav Hellwig and Toshiki Hirano and Pierre-Olivier Jubert and Dan Kercher and Jeffrey Lille and  Zuwei Liu and C. Mathew Mate and Yuri Obukhov and Kanaiyalal C. Patel and Kurt Rubin and Ricardo Ruiz and Manfred Schabes and  Lei Wan and Dieter Weller and  Tsai-Wei Wu and  En Yang},
  
	title = {Bit-Patterned Magnetic Recording: Theory, Media Fabrication, and Recording Performance},
  
	journal = {{IEEE} Transactions on Magnetics}
}

@online{SATA123,
	title = {{Difference between SATA I, SATA II and SATA III}},
	note = {[Online; accessed 15. May 2022]},
	url = {https://kb.sandisk.com/app/answers/detail/a_id/8142/~/difference-between-sata-i%2C-sata-ii-and-sata-iii}
}

@online{RAID,
	title = {{What is RAID and what are the different RAID modes? {$\vert$} Europe}},
	journal = {StarTech},
	note = {[Online; accessed 15. May 2022]},
	url = {https://www.startech.com/en-eu/faq/raid-modes-explanation}
}

@online{RAIDToo,
	title = {{RAID level 0, 1, 5, 6 and 10 {$\vert$} Advantage, disadvantage, use}},
	journal = {Prepressure},
	year = {2020},
	month = aug,
	note = {[Online; accessed 15. May 2022]},
	url = {https://www.prepressure.com/library/technology/raid}
}

@online{PartitionCreator,
	author = {Dell},
	title = {{How to Create or Modify a Partition in Microsoft Windows}},
	year = {2022},
	month = may,
	note = {[Online; accessed 15. May 2022]},
	url = {https://www.dell.com/support/kbdoc/en-us/000143677/how-to-create-or-modify-a-partition-in-microsoft-windows}
}

@online{Defragmentation,
	author = {nickscomputerfix},
	title = {{How to defrag Windows 10 - How To defrag your Hard Drive - FASTER Laptop! - Free {\&} Easy}},
	year = {2016},
	month = jan,
	publisher = {Youtube},
	note = {[Online; accessed 15. May 2022]},
	url = {https://www.youtube.com/watch?v=uHQdqV6mOzU}
}

@online{PartiSoft,
	title = {{15 BEST Free Disk Partition Software for Windows in 2022}},
	journal = {Software Testing Help},
	year = {2022},
	month = may,
	note = {[Online; accessed 15. May 2022]},
	url = {https://www.softwaretestinghelp.com/free-disk-partition-manager}
}

@online{Format,
	author = {suaveTech},
	title = {{How to Partition and Format a Hard Drive}},
	journal = {YouTube},
	year = {2011},
	month = jan,
	publisher = {Youtube},
	note = {[Online; accessed 15. May 2022]},
	url = {https://www.youtube.com/watch?v=j8s3nwYnUaw&list=TLPQMTYwNTIwMjJckEmvEGp4mQ&index=7}
}

@online{PATA,
	title = {{Connecting and Installing PATA Hard Drives}},
	journal = {Kitchen Table Computers},
	year = {2022},
	month = may,
	note = {[Online; accessed 15. May 2022]},
	url = {https://www.kitchentablecomputers.com/connecting-pata-hard-drives.php}
}

@online{TasaDeTransferencia,
	title = {{Supervise la tasa de transferencia de la red con PRTG}},
	year = {2022},
	month = may,
	note = {[Online; accessed 16. May 2022]},
	url = {https://www.paessler.com/es/network-throughput}
}