@book{cervantes1999,
	address = {New York},
	edition = {1st ed},
	series = {A {Norton} critical edition},
	title = {Don {Quijote}: a new translation, backgrounds and contexts, criticism},
	isbn = {9780393972818},
	shorttitle = {Don {Quijote}},
	language = {eng},
	publisher = {W.W. Norton},
	author = {Cervantes Saavedra, Miguel de and Raffel, Burton and Wilson, Diana de Armas},
	year = {1999},
	keywords = {Cervantes Saavedra, Miguel de, Don Quixote},
}

@online{CPUFallos,
	title = {{6 Signs of CPU Failure {$\vert$} CPU (Processor) Failure Symptoms}},
	author = {Mishal Roomi},
    journal = {HitechWhizz - The Ultimate Tech Experience},
	year = {2020},
	month = june,
	note = {[Online; accessed 8. May 2022]},
	url = {https://www.hitechwhizz.com/2020/06/6-signs-of-cpu-failure-processor-failure-symptoms.html}
}

@online{redditBenchmarks,
	title = {{r/buildapc - Temperature tests and benchmarks!?}},
	journal = {reddit},
	year = {2022},
	month = may,
	note = {[Online; accessed 8. May 2022]},
	url = {https://www.reddit.com/r/buildapc/comments/6lms5q/temperature_tests_and_benchmarks}
}

@online{gamersNexusBenchmarks,
	author = {Burke, Steve},
	title = {{Best CPUs of 2020 So Far (Gaming, Workstation, Overclocking Round-Up)}},
	year = {2022},
	month = may,
	note = {[Online; accessed 8. May 2022]},
	url = {https://www.gamersnexus.net/guides/3589-best-cpus-of-2020-so-far-gaming-production-overclocking-budget}
}

@online{OverclockingLTT,
	author = {Techquickie},
	title = {{Is Overclocking Worth It?}},
	year = {2019},
	month = sep,
	publisher = {Youtube},
	note = {[Online; accessed 8. May 2022]},
	url = {https://www.youtube.com/watch?v=yyv9Y2miV64&list=TLPQMDkwNTIwMjJK_VJqc7OJfQ&index=2}
}

@online{InsiderOverclockGuide,
	author = {Insider, Tech},
	title = {{How To Overclock A CPU}},
	journal = {YouTube},
	year = {2021},
	month = jul,
	publisher = {Youtube},
	note = {[Online; accessed 8. May 2022]},
	url = {https://www.youtube.com/watch?v=dJMDB3PjBw8}
}

@online{Tips2018Jun,
	author = {Tips, Linus Tech},
	title = {{We Overclocked EVERYTHING - Even the FANS!}},
	year = {2018},
	month = jun,
	publisher = {Youtube},
	note = {[Online; accessed 8. May 2022]},
	url = {https://www.youtube.com/watch?v=6hoVDburJ-I&list=TLPQMDkwNTIwMjJK_VJqc7OJfQ&index=4}
}

@online{UpdateBIOS,
	title = {{The Importance of Updating the BIOS {$\vert$} CompTIA A+ Exam Cram: Flashing the BIOS {$\vert$} Pearson IT Certification}},
	year = {2022},
	month = may,
	note = {[Online; accessed 8. May 2022]},
	url = {https://www.pearsonitcertification.com/articles/article.aspx?p=1675145&seqNum=3}
}