@book{cervantes1999,
	address = {New York},
	edition = {1st ed},
	series = {A {Norton} critical edition},
	title = {Don {Quijote}: a new translation, backgrounds and contexts, criticism},
	isbn = {9780393972818},
	shorttitle = {Don {Quijote}},
	language = {eng},
	publisher = {W.W. Norton},
	author = {Cervantes Saavedra, Miguel de and Raffel, Burton and Wilson, Diana de Armas},
	year = {1999},
	keywords = {Cervantes Saavedra, Miguel de, Don Quixote},
}

@online{Manjaro,
	title = {{Manjaro Downloads}},
	year = {2022},
	month = jun,
	url = {https://manjaro.org/download}
}

@online{Ubuntu,
	title = {{Get Ubuntu {$\vert$} Download {$\vert$} Ubuntu}},
	journal = {Ubuntu},
	year = {2022},
	month = jun,
	url = {https://ubuntu.com/download}
}

@online{VirtualBox,
	title = {{Downloads {\textendash} Oracle VM VirtualBox}},
	year = {2022},
	month = jun,
	url = {https://www.virtualbox.org/wiki/Downloads}
}

@online{NetworkChuck2021Jan,
	author = {NetworkChuck},
	title = {{you need to learn Virtual Machines RIGHT NOW!! (Kali Linux VM, Ubuntu, Windows)}},
	journal = {YouTube},
	year = {2021},
	month = jan,
	publisher = {Youtube},
	url = {https://www.youtube.com/watch?v=wX75Z-4MEoM}
}

@article{LaserPrinters,
	author = {May, Tom},
	title = {{The best laser printers in 2022 for office, studio and home use}},
	journal = {digitalcameraworld},
	year = {2022},
	month = apr,
	publisher = {Digital Camera World},
	url = {https://www.digitalcameraworld.com/buying-guides/best-laser-printer}
}

@unpublished{impresoras,
  author = {Carolina Gómez Fernández},
  note   = {Documentos de clase},
  title  = {Dispositivos de entrada y salida},
  year   = {2022}
}

@unpublished{protElec,
	author = {Carolina Gómez Fernández},
	note = {Documentos de clase},
	title = {Protección eléctrica de equipos de cómputo},
	year = {2022}
}

@online{UPS1,
	title = {{CyberPower CP1500AVRLCD Intelligent LCD UPS System, 1500VA/900W, 12 Outlets, AVR, Mini-Tower}},
	year = {2020},
	month = jun,
	url = {https://www.amazon.com/CyberPower-CP1500AVRLCD-Intelligent-Outlets-Mini-Tower/dp/B000FBK3QK}
}

@online{UPS2,
	title = {{CyberPower ST900U Standby UPS System, 900VA/500W, 12 Outlets, 2 USB Charging Ports, Compact}},
	year = {2022},
	month = jun,
	url = {https://www.amazon.com/CyberPower-ST900U-Standby-Outlets-Charging/dp/B07GZT2QW7}
}

@unpublished{bitcoin,
  author = {Ariel Granda Solano and Priscila Murillo Quintana},
  note   = {Exposiciones de compañeros},
  title  = {Criptomonedas},
  year   = {2022}
}

@unpublished{navegadores,
  author = {Pablo Alexander Velásquez Gutiérrez},
  note   = {Exposiciones de compañeros},
  title  = {Navegadores},
  year   = {2022}
}

@unpublished{cybersec1,
  author = {Eddy Villarreal Muñóz and Isaac Palman Medina and Karla Quirós Delgado},
  note   = {Exposiciones de compañeros},
  title  = {Tópicos de la ciberseguridad},
  year   = {2022}
}

@unpublished{cibersec2,
  author = {Joseph J. Piñar Baltodano and Abigal Salas Ramírez and Brandon Castillo Badilla},
  note   = {Exposiciones de compañeros},
  title  = {Brute Forcing Attack},
  year   = {2022}
}

@unpublished{fragDisc,
  author = {Andrey Chacón Gutiérrez and Diego Ulate Jara},
  note   = {Exposiciones de compañeros},
  title  = {Fragmentación de Discos Duros},
  year   = {2022}
}

@online{hackerTypes,
	title = {{Black hat, White hat, and Gray hat hackers {\textendash} Definition and Explanation}},
	journal = {Www.kaspersky},
	year = {2022},
	month = may,
	url = {https://www.kaspersky.com/resource-center/definitions/hacker-hat-types}
}