@article{kernelDefinition,
	author = {Lulka, Jessica},
	title = {{kernel}},
	journal = {SearchDataCenter},
	year = {2018},
	month = jul,
	publisher = {TechTarget},
	url = {https://www.techtarget.com/searchdatacenter/definition/kernel}
}

@online{systemLibraries,
	title = {{Operating System - Linux}},
	year = {2022},
	month = jun,
	url = {https://www.tutorialspoint.com/operating_system/os_linux.htm}
}

@article{exampleSystemLibraries,
	author = {DevynCJohnson},
	title = {{Overview of the Linux Library System}},
	journal = {Linux},
	year = {2015},
	month = jun,
	publisher = {Linux.org},
	url = {https://www.linux.org/threads/overview-of-the-linux-library-system.11536}
}

@online{StartUp,
	title = {{6 Stages of Linux Boot Process (Startup Sequence)}},
	author={Ramesh Natarajan},
    year = {2011},
	month = feb,
	url = {https://www.thegeekstuff.com/2011/02/linux-boot-process}
}

@online{MBR,
	title = {{What do MBR and GPT mean, and when do I use them? {$\vert$} Europe}},
	journal = {StarTech},
	year = {2022},
	month = jun,
	url = {https://www.startech.com/en-eu/faq/mbr-vs-gpt}
}

@article{bootloaderDef,
	author = {{Techopedia}},
	title = {{Boot Loader}},
	journal = {Techopedia},
	year = {2016},
	month = nov,
	publisher = {Techopedia},
	url = {https://www.techopedia.com/definition/3324/boot-loader}
}

@online{bootloaderArranque,
	title = {{Proceso de arranque, inicio y cierre del sistema}},
	year = {2004},
	month = dec,
	url = {https://web.mit.edu/rhel-doc/4/RH-DOCS/rhel-rg-es-4/ch-boot-init-shutdown.html}
}

@article{CLIvsGUI,
	author = {mrNayaNi},
	title = {{Command Line Interface (CLI) vs. Graphical User Interface (GUI)}},
	journal = {Cybrary},
	year = {2020},
	month = dec,
	publisher = {Cybrary},
	url = {https://www.cybrary.it/blog/0p3n/command-line-interface-cli-vs-graphical-user-interface-gui}
}

@article{GNOME1,
	author = {King, Bertel},
	title = {{GNOME Explained: A Look at One of Linux's Most Popular Desktops}},
	journal = {MUO},
	year = {2016},
	month = oct,
	publisher = {MUO},
	url = {https://www.makeuseof.com/tag/gnome-explained-look-one-linuxs-popular-desktops}
}

@online{GNOME,
	title = {{GNOME {\textendash} Simple, beautiful, elegant.}},
	year = {2022},
	month = jun,
	url = {https://www.gnome.org}
}

@article{KDE1,
	author = {{Techopedia}},
	title = {{K Desktop Environment (KDE)}},
	journal = {Techopedia},
	year = {2011},
	month = sep,
	publisher = {Techopedia},
	url = {https://www.techopedia.com/definition/3526/k-desktop-environment-kde}
}

@online{KDE,
	title = {{Home}},
	journal = {KDE Community},
	year = {2022},
	month = jun,
	url = {https://kde.org}
}

@online{commands,
	title = {{The 40 Most-Used Linux Commands You Should Know}},
	journal = {Kinsta{\ifmmode\circledR\else\textregistered\fi}},
	year = {2022},
	month = jun,
	url = {https://kinsta.com/blog/linux-commands}
}

@online{android,
	title = {{What is Android {$\vert$} Android}},
	journal = {Android},
	year = {2022},
	month = may,
	publisher = {Android},
	url = {https://www.android.com/what-is-android}
}

@online{androidCommunity,
	title = {{Android Community}},
	year = {2022},
	month = jun,
	url = {https://support.google.com/android/community?hl=en}
}

@online{andorid2,
	title = {{Caracter{\ifmmode\acute{\imath}\else\'{\i}\fi}sticas {\ifmmode---\else\textemdash\fi} Android OS 0.1 documentation}},
	year = {2021},
	month = jan,
	url = {https://androidos.readthedocs.io/en/latest/data/caracteristicas}
}

@online{androidVersions,
	title = {{Android 12 {$\vert$} Android Developers}},
	journal = {Android Developers},
	year = {2022},
	month = jan,
	url = {https://developer.android.com/about/versions/12}
}

@article{andoridTaskManager,
	author = {Antonella},
	title = {{{\textquestiondown}Qu{\ifmmode\acute{e}\else\'{e}\fi} es el administrador de tareas de Android?}},
	journal = {CompuHoy},
	year = {2021},
	month = nov,
	publisher = {CompuHoy.com},
	url = {https://www.compuhoy.com/que-es-el-administrador-de-tareas-de-android/#%C2%BFDonde_esta_el_Administrador_de_tareas_en_Android}
}

@online{androidBIOS,
	title = {{[Resuelta] arranque {$\vert$} {\textquestiondown}Tiene Android una BIOS?}},
	year = {2022},
	month = jun,
	url = {https://www.preguntandroid.com/pregunta/32769/tiene-android-una-bios}
}