@online{linusTechTips_pcbuilding,
    author = {{Linus Tech Tips}},
    title = "I'm Bored. Build a Gaming PC with me!!",
    year = "2021",
    month = "05",
    day = "20",
    publisher = "Youtube",
    url = "https://youtu.be/FwwgBB8l2vs"
}

@online{partpickerminimum,
    author    = {{Pc Part Picker}},
    title     = "System Build",
    url       = "https://pcpartpicker.com/list/f3bHhk",
    year = "2022",
    month = "03",
    day = "12"
}

@online{partpickermaximum,
    author    = {{Pc Part Picker}},
    title     = "System Build",
    url       = "https://pcpartpicker.com/list/L2Wvnt",
    year = "2022",
    month = "03",
    day = "12"
}

@online{windows11Support,
    author = "windows-driver-content and akovarms and v-kents and mhopkins-msft and themar-msft",
    title = "Windows 11 supported AMD processors",
    url = "https://docs.microsoft.com/en-us/windows-hardware/design/minimum/supported/windows-11-supported-amd-processors",
    year = "2021",
    month = "12",
    day = "02"
}