@Article{Rodriguez2021,
  author  = {Matilde Rodríguez},
  journal = {Revista Incierta I},
  title   = {{Artículo 1 Fortuito y aleatorio}},
  year    = {2021},
  number  = {2},
  pages   = {45, 50},
  volume  = {1},
  url     = {https://blank.org/},
}

@Article{Guardiola2020,
  author  = {Adelina Guardiola and Saturnina Macias},
  journal = {Revista Incierta II},
  title   = {{Artículo 2 Fortuito y aleatorio}},
  year    = {2020},
  pages   = {30},
  url     = {https://blank.org/},
}

@Article{Diego2019,
  author  = {Vicenta Diego and Alba Alves and Alina de Silva},
  journal = {Revista Incierta III},
  title   = {{Artículo 3 Fortuito y aleatorio}},
  year    = {2019},
  volume  = {5},
  url     = {https://blank.org/},
}

@Article{Paredes2018,
  author  = {Belen Paredes and Bianca Dominguez and Leyre Mena and Orlando Ferrer},
  journal = {Revista Incierta IV},
  title   = {{Artículo 4 Fortuito y aleatorio}},
  year    = {2018},
  url     = {https://blank.org/},
}

@Book{Pineda2021,
  author    = {Yassine Pineda and Braulio Sanchez},
  publisher = {Editorial cualquiera I},
  title     = {{Libro 1 Fortuito y aleatorio}},
  year      = {2021},
  isbn      = {978-3-16-148410-0},
  volume    = {1},
}

@Book{Salvador2020,
  author    = {Thomas Salvador and Thomas Sacristan and Samir Fidalgo},
  publisher = {Editorial cualquiera II},
  title     = {{Libro 2 Fortuito y aleatorio}},
  year      = {2020},
  isbn      = {980-3-16-148410-0},
}

@Misc{Melendez2019,
  author       = {Patricia Melendez},
  howpublished = {Página Web Cualquiera},
  language     = {Español},
  title        = {{Página Web I}},
  url          = {https://blank.org/},
  year         = {2019},
}

@Misc{Saldana2020,
  author       = {Ramón Saldaña and Maria-Pilar Infante},
  howpublished = {Video Cualquiera},
  language     = {Inglés},
  title        = {{Video I}},
  url          = {https://blank.org/},
  year         = {2020},
}