@online{versionesWindows,
	title = {{Todas las versiones de Windows a lo largo de la historia}},
    author = {Roberto Adeva},
	journal = {ADSLZone/},
	year = {2022},
	month = may,
	url = {https://www.adslzone.net/esenciales/windows-10/versiones-windows/amp}
}
@article{DatosCuriososWin1,
	author = {Legu{\ifmmode\acute{\imath}\else\'{\i}\fi}zamo, Jos{\ifmmode\acute{e}\else\'{e}\fi} Luis},
	title = {{10 datos curiosos de Windows 1.0 para celebrar sus 30 a{\ifmmode\tilde{n}\else\~{n}\fi}os}},
	journal = {C{\ifmmode\acute{o}\else\'{o}\fi}digo Espagueti},
	year = {2015},
	month = nov,
	publisher = {C{\ifmmode\acute{o}\else\'{o}\fi}digo Espagueti},
	url = {https://codigoespagueti.com/noticias/10-datos-curiosos-de-windows-1-0}
}

@online{WhatIsWindows,
	title = {{What is Windows?}},
	year = {2022},
	month = feb,
	note = {[Online; accessed 25. May 2022]},
	url = {https://www.computerhope.com/jargon/w/windows.htm}
}

@article{QueEsWindows,
	author = {Rouse, Margaret},
	title = {{Microsoft Windows}},
	journal = {ComputerWeekly.es},
	year = {2017},
	month = mar,
	publisher = {TechTarget},
	url = {https://www.computerweekly.com/es/definicion/Microsoft-Windows#:~:text=Windows%20es%20el%20sistema%20operativo,como%20se%20describe%20a%20continuaci%C3%B3n}
}