@online{BIOSBootChanges,
	title = {{A Complete Tutorial on Changing the Boot Order in BIOS}},
	journal = {Lifewire},
	year = {2022},
	month = apr,
	note = {[Online; accessed 24. Apr. 2022]},
	url = {https://www.lifewire.com/change-the-boot-order-in-bios-2624528}
}

@online{ErrorCodes,
	author = {Santos, Allan B.},
	title = {{What Are ASUS Beep Codes and How To Identify Them {$\vert$} SoftwareKeep}},
	journal = {SoftwareKeep},
	year = {2022},
	month = apr,
	note = {[Online; accessed 24. Apr. 2022]},
	url = {https://softwarekeep.com/blog/what-are-asus-beep-codes-and-how-to-identify-them}
}