@book{cervantes1999,
	address = {New York},
	edition = {1st ed},
	series = {A {Norton} critical edition},
	title = {Don {Quijote}: a new translation, backgrounds and contexts, criticism},
	isbn = {9780393972818},
	shorttitle = {Don {Quijote}},
	language = {eng},
	publisher = {W.W. Norton},
	author = {Cervantes Saavedra, Miguel de and Raffel, Burton and Wilson, Diana de Armas},
	year = {1999},
	keywords = {Cervantes Saavedra, Miguel de, Don Quixote},
}

@online{CreateABootableDriveWindows,
	author = {nnamuhcs},
	title = {{Create a Bootable USB Flash Drive}},
	year = {2022},
	month = may,
	url = {https://docs.microsoft.com/en-us/windows-server-essentials/install/create-a-bootable-usb-flash-drive}
}

@online{SoftwareUSBFlashDrive,
	title = {{Download Usb Flash Drive - Best Software {\&} Apps}},
	year = {2022},
	month = may,
	url = {https://en.softonic.com/downloads/usb-flash-drive}
}

@article{WhatIsABootableDrive,
	author = {Gemma},
	title = {{Beginner's Guide {$\vert$} What Is A Bootable USB Drive - EaseUS}},
	journal = {EaseUS},
	year = {2021},
	month = oct,
	publisher = {EaseUS},
	url = {https://www.easeus.com/system-to-go/what-is-bootable-usb-drive.html}
}

@article{WhatIsAnISO,
	author = {Gavin, Brady},
	title = {{What Is An ISO File (And How Do I Use Them)?}},
	journal = {How-To Geek},
	year = {2018},
	month = jun,
	publisher = {How-To Geek},
	url = {https://www.howtogeek.com/356714/what-is-an-iso-file-and-how-do-i-open-one}
}

@online{FileExtension,
	title = {{ISO File Extension - What is an .iso file and how do I open it?}},
	year = {2012},
	month = feb,
	url = {https://fileinfo.com/extension/iso}
}

@online{ISOConverters,
	title = {{5 Best and Free Folder to ISO Converters for Windows 11/10}},
	journal = {Gear up Windows 11 {\&} 10},
	year = {2022},
	month = jan,
	url = {https://gearupwindows.com/folder-to-iso-converters}
}