@online{linusTechTips_pcbuilding,
    author = {{Linus Tech Tips}},
    title = "I'm Bored. Build a Gaming PC with me!!",
    year = "2021",
    month = "05",
    day = "20",
    publisher = "Youtube",
    url = "https://youtu.be/FwwgBB8l2vs"
}

@online{linusTechTips_pcbuildingGuide,
    author = {{Linus Tech Tips}},
    title = "ULTIMATE RGB PC Build Guide 2021",
    url = "https://www.youtube.com/watch?v=qkIpTWIiuI4&list=TLPQMTQwMzIwMjLktAzleRmDsg&index=5",
    year = "2021",
    month = "04",
    day = "12",
    publisher = "Youtube"
}

@online{partpickerminimum,
    author    = {{Pc Part Picker}},
    title     = "System Build",
    url       = "https://pcpartpicker.com/list/f3bHhk",
    year = "2022",
    month = "03",
    day = "12"
}

@online{partpickermaximum,
    author    = {{Pc Part Picker}},
    title     = "System Build",
    url       = "https://pcpartpicker.com/list/L2Wvnt",
    year = "2022",
    month = "03",
    day = "12"
}

@online{partpickerideal,
    author = {{Pc Part Picker}},
    title = "System Build",
    url = "https://pcpartpicker.com/list/L4xJ8r",
    year = "2022",
    month = "03",
    day = "13"
}

@online{windows11Support,
    author = "windows-driver-content and akovarms and v-kents and mhopkins-msft and themar-msft",
    title = "Windows 11 supported AMD processors",
    url = "https://docs.microsoft.com/en-us/windows-hardware/design/minimum/supported/windows-11-supported-amd-processors",
    year = "2021",
    month = "12",
    day = "02"
}

@online{graphicsCardNecessary,
    author = "Electrobot",
    title = "Do your computer needs a Graphics Card?",
    url = "https://electrobot.co.in/blog/do-your-computer-needs-a-graphics-card/",
    year = "2020",
    month = "03",
    day = "22"
}

@online{soundcardNecessary,
    title = "What is a soundcard and why do we use them?",
    url = "https://www.cambridgeaudio.com/usa/en/blog/bypass-your-soundcard",
    year = "2021",
    month = "07",
    day = "08"
}

@onlince{bestCPUS2022,
    author = "Paul Alcorn",
    title = "Best CPU for Gaming in 2022",
    url = "https://www.tomshardware.com/reviews/best-cpus,3986.html",
    year = "2022",
    month = "02",
    day = "15"
}

@onlince{bestMonitors2022,
    author = "Christian Eberle",
    title = "Best Gaming Monitors 2022: Budget, Curved, G-Sync and More ",
    url = "https://www.tomshardware.com/reviews/best-gaming-monitors,4533.html",
    year = "2022",
    month = "03",
    day = "01"
}

@onlince{bestKeyboards2022,
    author = "Jacob Ridley and Dave James",
    title = "Best gaming keyboards in 2022",
    url = "https://www.pcgamer.com/best-gaming-keyboard/",
    year = "2022",
    month = "03",
    day = "08"
}

@onlince{bestMouses2022,
    author = "Jacob Ridley and Jorge Jimenez",
    title = "The best gaming mouse in 2022",
    url = "https://www.pcgamer.com/the-best-gaming-mouse/",
    year = "2022",
    month = "03",
    day = "08"
}

@onlince{buildredux,
    author = {{Build Redux}},
    title = "Your Recommended Build",
    url = "https://buildredux.com/pages/build-your-pc",
    year = "2022",
    month = "03",
    day = "13"
}

@onlince{NecessaryDrivers,
    author = "Branton",
    title = "What drivers do you need for a new PC build?",
    url = "https://pcgamehaven.com/what-drivers-do-you-need-new-pc-build/",
    year = "2022",
    month = "02",
    day = "25"
}