@book{cervantes1999,
	address = {New York},
	edition = {1st ed},
	series = {A {Norton} critical edition},
	title = {Don {Quijote}: a new translation, backgrounds and contexts, criticism},
	isbn = {9780393972818},
	shorttitle = {Don {Quijote}},
	language = {eng},
	publisher = {W.W. Norton},
	author = {Cervantes Saavedra, Miguel de and Raffel, Burton and Wilson, Diana de Armas},
	year = {1999},
	keywords = {Cervantes Saavedra, Miguel de, Don Quixote},
}

@article{PrivacyWin,
	author = {Gralla, Preston},
	title = {{How to protect your privacy in Windows 10}},
	journal = {Computerworld},
	year = {2021},
	month = aug,
	url = {https://www.computerworld.com/article/3622001/how-to-protect-privacy-windows-10.html}
}

@article{BlueScreenOfDeathFix,
	author = {Johnson, Dave},
	title = {{How to fix a Blue Screen of Death on a Windows PC}},
	journal = {Business Insider},
	year = {2020},
	month = oct,
	publisher = {Insider},
	url = {https://www.businessinsider.com/blue-screen-of-death-windows}
}

@online{CommonErrorCodes,
	title = {{Troubleshoot blue screen errors}},
	year = {2022},
	month = jun,
	url = {https://support.microsoft.com/en-us/sbs/windows/troubleshoot-blue-screen-errors-5c62726c-6489-52da-a372-3f73142c14ad}
}

@online{VirusInfo,
	title = {{Virus inform{\ifmmode\acute{a}\else\'{a}\fi}ticos y antivirus: {\textquestiondown}Que es un virus inform{\ifmmode\acute{a}\else\'{a}\fi}tico?}},
	journal = {GCFGlobal.org},
	year = {2022},
	month = jun,
	url = {https://edu.gcfglobal.org/es/virus-informaticos-y-antivirus/que-es-un-virus-informatico/1}
}

@online{computerVirusHistory,
	title = {{A short history of computer viruses}},
	author= {Alex Uhde},
	year = {2017},
	month = jul,
	url = {https://www.sentrian.com.au/blog/a-short-history-of-computer-viruses}
}

@online{DangerousComputerViruses,
	title = {{Top 10 Most Destructive Computer Viruses of All Time {$\vert$} Advanced Computer Consulting}},
	url = {https://www.advancedcpc.com/blog/top-10-most-destructive-computer-viruses-all-time}
}

@online{malwareTypes1,
	title = {{8 Most Common Types of Malware Attacks}},
	journal = {Arctic Wolf},
	year = {2021},
	month = oct,
	url = {https://arcticwolf.com/resources/blog/8-types-of-malware}
}

@online{scareware,
	title = {{What is Scareware?}},
	journal = {Forcepoint},
	year = {2021},
	month = may,
	url = {https://www.forcepoint.com/cyber-edu/scareware}
}

@online{antivirus,
	title = {{The 7 Best Antivirus Software of 2022}},
	author={Sue Proemba},
	journal = {Investopedia},
	year = {2022},
	month = may,
	url = {https://www.investopedia.com/best-antivirus-software-5084503}
}

@online{antimalware,
	title = {{The Best Malware Removal and Protection Software for 2022}},
	author={Neil J. Rubenking},
	journal = {PCMAG},
	year = {2022},
	month = apr,
	url = {https://www.pcmag.com/picks/the-best-malware-removal-and-protection-software}
}